@comment{x-kbibtex-personnameformatting=<%f ><%l><, %s>}

@manual{araujo:2016:abntex2,
  author = {Lauro César Araujo},
  title = {A Classe abntex2: Documentos Técnicos e Científicos Brasileiros Compatíveis com As Normas ABNT},
  url = {http://mirror.jmu.edu/pub/CTAN/macros/latex/contrib/abntex2/doc/abntex2.pdf},
  urldate = {2020-03-29},
  year = {2016}
}

@manual{janos:2005:algpseudocode,
  author = {Szász János},
  title = {The algorithmicx package},
  url = {http://www.tug.org/texlive/Contents/live/texmf-dist/doc/latex/algorithmicx/algorithmicx.pdf},
  urldate = {2020-03-29},
  year = {2005}
}

@misc{zandt:2010:fancyvrb,
  author = {Timothy Van Zandt and Denis Girou and Sebastian Rahtz and Herbert Vo{\ss}},
  title = {The `fancyvrb' package Fancy Verbatims in {\LaTeX}},
  url = {http://ftp.tex.ac.uk/tex-archive/macros/latex/contrib/listings/listings.pdf},
  urldate = {2020-03-29},
  year = {2010}
}

@electronic{marcos:site,
  author = {Marcos Roberto Ribeiro},
  url = {http://sites.ifmg.edu.br/ribeiro},
  urldate = {2020-03-29}
}

@inbook{silva:inbook,
  address = {Cidade da Editora},
  author = {José Silva},
  booktitle = {Título do Livro},
  chapter = {3},
  editor = {Maria da Silva},
  pages = {102--187},
  publisher = {Nome da Editora},
  title = {Título do capítulo do livro},
  year = {2017}
}

@incollection{silva:incollection,
  address = {Cidade da Editora},
  author = {José Silva},
  booktitle = {Título da Coletânea},
  editor = {Maria da Silva},
  pages = {350},
  publisher = {Nome da Editora},
  title = {Título do livro},
  year = {2017}
}

@inproceedings{silva:inproceedings,
  title = {Título do trabalho},
  author = {José Silva},
  eventtitle = {Nome do evento},
  number = {20},
  booktitle = {Anais},
  address = {Cidade do Evento},
  year = {2017},
}

@mastersthesis{silva:master,
  title = {Título da dissertação},
  author = {José Silva},
  school = {Instituto Federal Minas Gerais - Campus Bambuí},
  address = {Bambuí},
  year = {2017}
}

@monography{silva:monography,
  address = {Bambuí},
  author = {José Silva},
  school = {Instituto Federal Minas Gerais - Campus Bambuí},
  title = {Título da monografia},
  type = {Graduação},
  year = {2017}
}

@techreport{silva:tech,
  address = {Bambuí},
  author = {José Silva},
  organization = {Instituto Federal Minas Gerais - Campus Bambuí},
  title = {Título do relatório técnico},
  year = {2017}
}

@article{silva:artigo,
  author = {José Silva and Maria Silva},
  journal = {Nome da Revista},
  number = {2},
  pages = {37--48},
  title = {Título do artigo},
  volume = {I},
  year = {2017}
}

@booklet{silva:booklet,
  author = {José Silva and Maria Silva},
  title = {Título do trabalho sem editora},
  year = {2017}
}

@manual{castro:2016:manual,
  address = {Bambuí, MG},
  author = {Douglas Bernardes de{ }Castro and Gabriel da Silva and Myriam Angélica Dornelas and Nayara Penoni},
  organization = {Instituto Federal Minas Gerais - Campus Bambuí},
  title = {Manual de Normalização de Trabalhos Acadêmicos do IFMG -- Câmpus Bambuí},
  year = {2016}
}

@misc{wikipedia:2011:america_sul,
  organization = {Wikipédia},
  title = {América do Sul},
  url = {http://pt.wikipedia.org/wiki/Am},
  urldate = {2020-03-29},
  year = {2011}
}

@misc{poore:2016:minted,
  author = {Geoffrey M. Poore and Konrad Rudolph},
  title = {The minted package: Highlighted source code in {\LaTeX}},
  url = {http://ctan.math.utah.edu/ctan/tex-archive/macros/latex/contrib/minted/minted.pdf},
  urldate = {2020-03-29},
  year = {2016}
}

